@article{chomsky1993minimalist,
  title={A minimalist program for linguistic theory},
  author={Chomsky, Noam},
  journal={The view from Building 20: Essays in linguistics in honor of Sylvain Bromberger},
  year={1993},
  publisher={MIT press}
}
@article{marcus1992overregularization,
  title={Overregularization in language acquisition},
  author={Marcus, Gary F and Pinker, Steven and Ullman, Michael and Hollander, Michelle and Rosen, T John and Xu, Fei and Clahsen, Harald},
  journal={Monographs of the society for research in child development},
  pages={i--178},
  year={1992},
  publisher={JSTOR}
}
@book{bird2009natural,
  title={Natural language processing with Python: analyzing text with the natural language toolkit},
  author={Bird, Steven and Klein, Ewan and Loper, Edward},
  year={2009},
  publisher={" O'Reilly Media, Inc."}
}
@article{werker1983developmental,
  title={Developmental changes across childhood in the perception of non-native speech sounds.},
  author={Werker, Janet F and Tees, Richard C},
  journal={Canadian Journal of Psychology/Revue canadienne de psychologie},
  volume={37},
  number={2},
  pages={278},
  year={1983},
  publisher={Canadian Psychological Association}
}
@article{maratsos1974children,
  title={Children who get worse at understanding the passive: A replication of Bever},
  author={Maratsos, Michael P},
  journal={Journal of Psycholinguistic Research},
  volume={3},
  number={1},
  pages={65--74},
  year={1974},
  publisher={Springer}
}
@article{siegler2004u,
  title={U-shaped interest in u-shaped development-and what it means},
  author={Siegler, Robert S},
  journal={Journal of Cognition and Development},
  volume={5},
  number={1},
  pages={1--10},
  year={2004},
  publisher={Taylor \& Francis}
}
@article{namy2004changing,
  title={The changing role of iconicity in non-verbal symbol learning: A U-shaped trajectory in the acquisition of arbitrary gestures},
  author={Namy, Laura L and Campbell, Aimee L and Tomasello, Michael},
  journal={Journal of Cognition and Development},
  volume={5},
  number={1},
  pages={37--57},
  year={2004},
  publisher={Taylor \& Francis}
}

@inproceedings{jackson1997attention,
  title={Attention and U-shaped learning in the acquisition of the past tense},
  author={Jackson, Dan and Cottrell, Garrison W},
  booktitle={Proceedings of the Nineteenth Cognitive Science Conference},
  pages={325--30},
  year={1997}
}
@article{plunkett1993rote,
  title={From rote learning to system building: Acquiring verb morphology in children and connectionist nets},
  author={Plunkett, Kim and Marchman, Virginia},
  journal={Cognition},
  volume={48},
  number={1},
  pages={21--69},
  year={1993},
  publisher={Elsevier}
}
@article{wexler1994optional,
  title={Optional infinitives, head movement and the economy of derivations},
  author={Wexler, Kenneth},
  journal={Verb movement},
  volume={305},
  pages={350},
  year={1994},
  publisher={Cambridge University Press}
}
@phdthesis{schutze1997infl,
  title={INFL in child and adult language: Agreement, case and licensing},
  author={Sch{\"u}tze, Carson T},
  year={1997},
  school={Massachusetts Institute of Technology}
}
@article{kuczaj1977acquisition,
  title={The acquisition of regular and irregular past tense forms},
  author={Kuczaj, Stan A},
  journal={Journal of Verbal Learning and Verbal Behavior},
  volume={16},
  number={5},
  pages={589--600},
  year={1977},
  publisher={Elsevier}
}
@book{brown1973first,
  title={A first language: The early stages.},
  author={Brown, Roger},
  year={1973},
  publisher={Harvard U. Press}
}
@article{suppes1974semantics,
  title={The semantics of children's language.},
  author={Suppes, Patrick},
  journal={American psychologist},
  volume={29},
  number={2},
  pages={103},
  year={1974},
  publisher={American Psychological Association}
}
@article{post1993language,
  title={The language learning environment of laterborns in a rural Florida community.},
  author={Post, Kathryn Nolan},
  year={1993}
}
@article{rispoli1998,
  title={Me or my: Two different patterns of pronoun case errors},
  author={Rispoli, Matthew},
  journal={Journal of Speech, Language, and Hearing Research},
  volume={41},
  number={2},
  pages={385--393},
  year={1998},
  publisher={ASHA}
}
@article{rispoli1999,
  title={Case and agreement in English language development},
  author={Rispoli, Matthew},
  journal={Journal of Child Language},
  volume={26},
  number={2},
  pages={357--372},
  year={1999},
  publisher={Cambridge University Press}
}
@book{huxley1970development,
  title={The development of the correct use of subject personal pronouns in two children},
  author={Huxley, Renira},
  year={1970}
}
@article{fitzgerald2017case,
  title={Case marking uniformity in developmental pronoun errors},
  author={Fitzgerald, Colleen E and Rispoli, Matthew and Hadley, Pamela A},
  journal={First Language},
  volume={37},
  number={4},
  pages={391--409},
  year={2017},
  publisher={SAGE Publications Sage UK: London, England}
}
@article{pelham2011input,
  title={The input ambiguity hypothesis and case blindness: an account of cross-linguistic and intra-linguistic differences in case errors},
  author={Pelham, Sabra D},
  journal={Journal of Child Language},
  volume={38},
  number={2},
  pages={235--272},
  year={2011},
  publisher={Cambridge University Press}
}

@inproceedings{schutze1996subject,
  title={Subject case licensing and English root infinitives},
  author={Sch{\"u}tze, Carson and Wexler, Kenneth},
  booktitle={Proceedings of the 20th annual Boston University conference on language development},
  volume={2},
  pages={670--681},
  year={1996},
  organization={Cascadilla Press Somerville, MA}
}
@article{pine2005testing,
  title={Testing the Agreement/Tense Omission Model: why the data on children's use of non-nominative 3psg subjects count against the ATOM},
  author={Pine, Julian M and Rowland, Caroline F and Lieven, Elena VM and Theakston, Anna L},
  journal={Journal of Child Language},
  volume={32},
  number={2},
  pages={269--289},
  year={2005},
  publisher={Cambridge University Press}
}
@article{rispoli2005,
  title={When children reach beyond their grasp: Why some children make pronoun case errors and others don't},
  author={Rispoli, Matthew},
  journal={Journal of Child Language},
  volume={32},
  number={1},
  pages={93--116},
  year={2005},
  publisher={Cambridge University Press}
}
@article{wexler1998,
  title={Very early parameter setting and the unique checking constraint: A new explanation of the optional infinitive stage},
  author={Wexler, Ken},
  journal={Lingua},
  volume={106},
  number={1-4},
  pages={23--79},
  year={1998},
  publisher={Elsevier}
}
@inproceedings{wexler2000,
  title={Three problems in the theory of the optional infinitive stage: Stage/individual predicates, eventive verbs and finite null-subjects},
  author={Wexler, Ken},
  booktitle={Proceedings of the 19th West Coast Conference on Formal Linguistics},
  pages={560--573},
  year={2000},
  organization={Citeseer}
}
@article{wexler1996,
  title={The Optional-Infinitive Stage in Child English Evidence from Negation},
  author={Wexler, Tony Harris Ken},
  journal={Generative perspectives on language acquisition: Empirical findings, theoretical considerations and crosslinguistic comparisons},
  volume={14},
  pages={1},
  year={1996},
  publisher={John Benjamins Publishing}
}
@article{wexler1998subject,
  title={Subject case in children with SLI and unaffected controls: Evidence for the Agr/Tns omission model},
  author={Wexler, Kenneth and Sch{\"u}tze, Carson T and Rice, Mabel},
  journal={Language Acquisition},
  volume={7},
  number={2-4},
  pages={317--344},
  year={1998},
  publisher={Taylor \& Francis}
}
@article{budwig1996influences,
  title={WHAT INFLUENCES CHILDREN'S PATTERNING OF FORMS AND FUNCTIONS IN EARLY CHILD},
  author={Budwig, Nancy},
  journal={Social interaction, social context, and language: Essays in honor of Susan Ervin-Tripp},
  pages={143},
  year={1996},
  publisher={Psychology Press}
}
@article{tomasello2000,
  title={Do young children have adult syntactic competence?},
  author={Tomasello, Michael},
  journal={Cognition},
  volume={74},
  number={3},
  pages={209--253},
  year={2000},
  publisher={Elsevier}
}
@incollection{tomasello2003,
  title={Pronouns and Point of View: Cognitive Principles of Coreference},
  author={Tomasello, Michael},
  booktitle={The New Psychology of Language},
  pages={175--200},
  year={2003},
  publisher={Psychology Press}
}
@article{ambridge2006testing,
  title={Testing the agreement/tense omission model using an elicited imitation paradigm},
  author={Ambridge, Ben and Pine, Julian M},
  journal={Journal of Child Language},
  volume={33},
  number={4},
  pages={879--898},
  year={2006},
  publisher={Cambridge University Press}
}
@article{vainikka1993case,
  title={Case in the development of English syntax},
  author={Vainikka, Anne},
  journal={Language acquisition},
  volume={3},
  number={3},
  pages={257--325},
  year={1993},
  publisher={Taylor \& Francis}
}
@article{kirjavainen2009can,
  title={Can input explain children's me-for-I errors?},
  author={Kirjavainen, Minna and Theakston, Anna and Lieven, Elena},
  journal={Journal of Child Language},
  volume={36},
  number={5},
  pages={1091--1114},
  year={2009},
  publisher={Cambridge University Press}
}
@article{budwig1989linguistic,
  title={The linguistic marking of agentivity and control in child language},
  author={Budwig, Nancy},
  journal={Journal of child language},
  volume={16},
  number={2},
  pages={263--284},
  year={1989},
  publisher={Cambridge University Press}
}

@article{wexler1994,
  title={14 Optional infinitives, head movement and the economy of derivations1},
  author={Wexler, Ken},
  journal={Verb movement},
  pages={305},
  year={1994},
  publisher={Cambridge University Press}
}

@article{wexler1998subject,
  title={Subject case in children with SLI and unaffected controls: Evidence for the Agr/Tns omission model},
  author={Wexler, Kenneth and Sch{\"u}tze, Carson T and Rice, Mabel},
  journal={Language Acquisition},
  volume={7},
  number={2-4},
  pages={317--344},
  year={1998},
  publisher={Taylor \& Francis}
}
@article{rispoli1994,
  title={Pronoun case overextensions and paradigm building},
  author={Rispoli, Matthew},
  journal={Journal of child language},
  volume={21},
  number={1},
  pages={157--172},
  year={1994},
  publisher={Cambridge University Press}
}
@article{kirjavainen2009can,
  title={Can input explain children's me-for-I errors?},
  author={Kirjavainen, Minna and Theakston, Anna and Lieven, Elena},
  journal={Journal of Child Language},
  volume={36},
  number={5},
  pages={1091--1114},
  year={2009},
  publisher={Cambridge University Press}
}
@book{macwhinney2014childes,
  title={The CHILDES project: Tools for analyzing talk, Volume II: The database},
  author={MacWhinney, Brian},
  year={2014},
  publisher={Psychology Press}
}
@article{mintz2003frequent,
  title={Frequent frames as a cue for grammatical categories in child directed speech},
  author={Mintz, Toben H},
  journal={Cognition},
  volume={90},
  number={1},
  pages={91--117},
  year={2003},
  publisher={Elsevier}
}
@article{clair2010learning,
  title={Learning grammatical categories from distributional cues: Flexible frames for language acquisition},
  author={Clair, Michelle C St and Monaghan, Padraic and Christiansen, Morten H},
  journal={Cognition},
  volume={116},
  number={3},
  pages={341--360},
  year={2010},
  publisher={Elsevier}
}
@article{clair2010learning,
  title={Learning grammatical categories from distributional cues: Flexible frames for language acquisition},
  author={Clair, Michelle C St and Monaghan, Padraic and Christiansen, Morten H},
  journal={Cognition},
  volume={116},
  number={3},
  pages={341--360},
  year={2010},
  publisher={Elsevier}
}
@article{mintz2006finding,
  title={Finding the verbs: Distributional cues to categories available to young learners},
  author={Mintz, Toben H},
  journal={Action meets word: How children learn verbs},
  pages={31--63},
  year={2006}
}
@article{rispoli1998,
  title={Me or my: Two different patterns of pronoun case errors},
  author={Rispoli, Matthew},
  journal={Journal of Speech, Language, and Hearing Research},
  volume={41},
  number={2},
  pages={385--393},
  year={1998},
  publisher={ASHA}
}
@article{rispoli1999,
  title={Case and agreement in English language development},
  author={Rispoli, Matthew},
  journal={Journal of Child Language},
  volume={26},
  number={2},
  pages={357--372},
  year={1999},
  publisher={Cambridge University Press}
}
@article{rispoli2005,
  title={When children reach beyond their grasp: Why some children make pronoun case errors and others don't},
  author={Rispoli, Matthew},
  journal={Journal of Child Language},
  volume={32},
  number={1},
  pages={93--116},
  year={2005},
  publisher={Cambridge University Press}
}
@article{theakston2001,
  title={The role of performance limitations in the acquisition of verb-argument structure: An alternative account},
  author={Theakston, Anna L and Lieven, Elena VM and Pine, Julian M and Rowland, Caroline F},
  journal={Journal of child language},
  volume={28},
  number={1},
  pages={127--152},
  year={2001},
  publisher={Cambridge University Press}
}
@article{theakston2002,
  title={Going, going, gone: The acquisition of the verb ‘go’},
  author={Theakston, Anna L and Lieven, Elena VM and Pine, Julian M and Rowland, Caroline F},
  journal={Journal of Child Language},
  volume={29},
  number={4},
  pages={783--811},
  year={2002},
  publisher={Cambridge University Press}
}
@article{theakston2004,
  title={Semantic generality, input frequency and the acquisition of syntax},
  author={Theakston, Anna L and Lieven, Elena VM and Pine, Julian M and Rowland, Caroline F},
  journal={Journal of child language},
  volume={31},
  number={1},
  pages={61--99},
  year={2004},
  publisher={Cambridge University Press}
}
@article{tomasello2000,
  title={Do young children have adult syntactic competence?},
  author={Tomasello, Michael},
  journal={Cognition},
  volume={74},
  number={3},
  pages={209--253},
  year={2000},
  publisher={Elsevier}
}
@book{bates1991first,
  title={From first words to grammar: Individual differences and dissociable mechanisms},
  author={Bates, Elizabeth and Bretherton, Inge and Snyder, Lynn Sebestyen},
  volume={20},
  year={1991},
  publisher={Cambridge University Press}
}

@article{bloom1974imitation,
  title={Imitation in language development: If, when, and why},
  author={Bloom, Lois and Hood, Lois and Lightbown, Patsy},
  journal={Cognitive psychology},
  volume={6},
  number={3},
  pages={380--420},
  year={1974},
  publisher={Elsevier}
}

@article{bohannon1977children,
  title={Children's control of adult speech},
  author={Bohannon III, John Neil, Marquis, Angela Lynn},
  journal={Child Development},
  pages={1002--1008},
  year={1977},
  publisher={JSTOR}
}
@book{brown1973first,
  title={A first language: The early stages.},
  author={Brown, Roger},
  year={1973},
  publisher={Harvard U. Press}
}
@article{demetras1986working,
  title={WORKING PARENTS'CONVERSATIONAL RESPONSES TO THEIR TWO-YEAR-OLD SONS (LINGUISTIC INPUT, LANGUAGE ACQUISITION).},
  author={Demetras, Martha Jo-Ann},
  year={1986},
  publisher={The University of Arizona.}
}
@article{demetras1989changes,
  title={Changes in parents’ conversational responses: A function of grammatical development},
  author={Demetras, Marty},
  journal={ASHA, St. Louis, MO},
  year={1989}
}
@incollection{gleason1980acquisition,
  title={The acquisition of social speech routines and politeness formulas},
  author={Gleason, Jean Berko},
  booktitle={Language},
  pages={21--27},
  year={1980},
  publisher={Elsevier}
}
@article{snow1995shell,
  title={SHELL: Oral language and early literacy skills in kindergarten and first-grade children},
  author={Snow, Catherine E and Tabors, Patton O and Nicholson, Petra A and Kurland, Brenda F},
  journal={Journal of Research in Childhood education},
  volume={10},
  number={1},
  pages={37--48},
  year={1995},
  publisher={Taylor \& Francis}
}
@article{kuczaj1978children,
  title={Why do children fail to overgeneralize the progressive inflection?},
  author={Kuczaj, Stan A},
  journal={Journal of Child language},
  volume={5},
  number={1},
  pages={167--171},
  year={1978},
  publisher={Cambridge University Press}
}
@article{mccune1995normative,
  title={A normative study of representational play in the transition to language.},
  author={McCune, Lorraine},
  journal={Developmental psychology},
  volume={31},
  number={2},
  pages={198},
  year={1995},
  publisher={American Psychological Association}
}
@incollection{snow1989imitativeness,
  title={Imitativeness: A trait or a skill?},
  author={Snow, Catherine E},
  booktitle={The many faces of imitation in language learning},
  pages={73--90},
  year={1989},
  publisher={Springer}
}
@article{post1993language,
  title={The language learning environment of laterborns in a rural Florida community.},
  author={Post, Kathryn Nolan},
  year={1993}
}
@article{sachs1983talking,
  title={Talking about the there and then: The emergence of displaced reference in parent-child discourse},
  author={Sachs, Jacqueline},
  journal={Children's language},
  volume={4},
  pages={1--28},
  year={1983}
}
@article{Snow1990child,
  title={The child language data exchange system: An update},
  author={Snow, Catherine},
  journal={Journal of child language},
  volume={17},
  number={2},
  pages={457--472},
  year={1990},
  publisher={Cambridge University Press}
}
@article{suppes1974semantics,
  title={The semantics of children's language.},
  author={Suppes, Patrick},
  journal={American psychologist},
  volume={29},
  number={2},
  pages={103},
  year={1974},
  publisher={American Psychological Association}
}
@article{valian1991syntactic,
  title={Syntactic subjects in the early speech of American and Italian children},
  author={Valian, Virginia},
  journal={Cognition},
  volume={40},
  number={1-2},
  pages={21--81},
  year={1991},
  publisher={Elsevier}
}
@article{Weist2009,
  doi = {10.1515/ling.2009.046},
  url = {https://doi.org/10.1515/ling.2009.046},
  year = {2009},
  month = jan,
  publisher = {Walter de Gruyter {GmbH}},
  volume = {47},
  number = {6},
  author = {Richard M. Weist and Aleksandra Pawlak and Karen Hoffman},
  title = {Finiteness systems and lexical aspect in child Polish and English},
  journal = {Linguistics}
}
@article{braunwald1971mother,
  title={Mother-child communication: the function of maternal-language input},
  author={Braunwald, Susan R},
  journal={Word},
  volume={27},
  number={1-3},
  pages={28--50},
  year={1971},
  publisher={Taylor \& Francis}
}
@incollection{clark1978awareness,
  title={Awareness of language: Some evidence from what children say and do},
  author={Clark, Eve V},
  booktitle={The child’s conception of language},
  pages={17--43},
  year={1978},
  publisher={Springer}
}
@article{hayes1988vocabulary,
  title={Vocabulary simplification for children: A special case of ‘motherese’?},
  author={Hayes, Donald P and Ahrens, Margaret G},
  journal={Journal of child language},
  volume={15},
  number={2},
  pages={395--410},
  year={1988},
  publisher={Cambridge University Press}
}

@article{van1980effects,
  title={The effects of children's language comprehension level on adults' child-directed talk},
  author={Van Kleeck, Anne},
  journal={Journal of Speech, Language, and Hearing Research},
  volume={23},
  number={3},
  pages={546--569},
  year={1980},
  publisher={ASHA}
}
@article{sagae2010morphosyntactic,
  title={Morphosyntactic annotation of CHILDES transcripts},
  author={Sagae, Kenji and Davis, Eric and Lavie, Alon and MacWhinney, Brian and Wintner, Shuly},
  journal={Journal of child language},
  volume={37},
  number={3},
  pages={705--729},
  year={2010},
  publisher={Cambridge University Press}
}
@article{tomasello2000,
  title={Do young children have adult syntactic competence?},
  author={Tomasello, Michael},
  journal={Cognition},
  volume={74},
  number={3},
  pages={209--253},
  year={2000},
  publisher={Elsevier}
}
@book{tomasello2009,
  title={Constructing a language},
  author={Tomasello, Michael},
  year={2009},
  publisher={Harvard university press}
}
@article{rowland2006effect,
  title={The effect of sampling on estimates of lexical specificity and error rates},
  author={Rowland, Caroline F and Fletcher, Sarah L},
  journal={Journal of Child Language},
  volume={33},
  number={4},
  pages={859--877},
  year={2006},
  publisher={Cambridge University Press}
}
@article{maslen2004dense,
  title={A dense corpus study of past tense and plural overregularization in English},
  author={Maslen, Robert JC and Theakston, Anna L and Lieven, Elena VM and Tomasello, Michael},
  journal={Journal of Speech, Language, and Hearing Research},
  year={2004},
  publisher={ASHA}
}
@book{henry1995belfast,
  title={Belfast English and Standard English: Dialect variation and parameter setting},
  author={Henry, Alison},
  year={1995},
  publisher={Oxford University Press on Demand}
}
@article{theakston2001role,
  title={The role of performance limitations in the acquisition of verb-argument structure: An alternative account},
  author={Theakston, Anna L and Lieven, Elena VM and Pine, Julian M and Rowland, Caroline F},
  journal={Journal of child language},
  volume={28},
  number={1},
  pages={127--152},
  year={2001},
  publisher={Cambridge University Press}
}
@article{lieven2009two,
  title={Two-year-old children's production of multiword utterances: A usage-based analysis},
  author={Lieven, Elena and Salomo, Doroth{\'e} and Tomasello, Michael},
  journal={Cognitive Linguistics},
  volume={20},
  number={3},
  pages={481--507},
  year={2009},
  publisher={Walter de Gruyter GmbH \& Co. KG}
}
@article{tommerdahl2013analyzing,
  title={Analyzing reliability of grammatical production in spontaneous samples of varying length},
  author={Tommerdahl, J and Kilpatrick, C},
  journal={Journal of Child Language Teaching and Therapy},
  volume={29},
  pages={171--183},
  year={2013}
}
@book{howe1981acquiring,
  title={Acquiring language in a conversational context},
  author={Howe, Christine J},
  volume={2},
  year={1981},
  publisher={Academic Pr}
}
@inproceedings{macwhinney2012morphosyntactic,
  title={Morphosyntactic Analysis of the CHILDES and TalkBank Corpora.},
  author={MacWhinney, Brian},
  booktitle={LREC},
  pages={2375--2380},
  year={2012}
}